@ARTICLE{brodzki,
    author = {J. Brodzki  S. J. Campbell E. Guentner G. A. Niblo oraz N. J. Wright},
    title = {Property A and CAT(0) cube complexes},
    journal = {Journal of Functional Analysis},
    year = {}
}
@ARTICLE{sageev,
	author = {Michah Sageev},
	title = {CAT(0) cube complexes and groups},
	journal = {AS/Park City Mathematics Series},
	year = {}
}
@ARTICLE{caprace,
	author = {Pierre Emmanuel Caprace},
	title = {Lectures on proper CAT(0) spaces and their isometry groups},
	journal = {},
	year = {2012}
}
@ARTICLE{schwer,
	author = {Petra Schwer},
	title = {Lecture notes on CAT(0) cubical complexes)},
	journal = {},
	year = {2013}
}
@BOOKLET{willett,
	author = {Rufus Willett},
	title = {Some notes on property A},
	address = {arXiv:math/0612492v2},
	year = {2006}
}
@ARTICLE{nowak,
	author = {Piotr Nowak oraz Guoliang Yu},
	title = {What is... property A?},
	journal = {Notices of the American Mathematical Society 55 (2008), no. 4, 474--475.},
	year = {2008}
}
@BOOK{roe,
	author = {John Roe},
	title = {Lectures on coarse geometry},
	publisher = {American Mathematical Society},
	series = {University Lecture Series},
	volume = {31},
	address = {Providence, Rhode Island},
	year = {2003}
}
